@article{cookielessMonster, 
  author =       "Nick Nikiforakis and Alexandros Kapravelos and Wouter Joosen and Christopher Kruegel and Frank Piessens and Giovanni Vigna",
  title =        "Cookieless Monster: Exploring the Ecosystem of Web-based Device Fingerprinting",
  journal =      "SP '13 Proceedings of the 2013 IEEE Symposium on Security and Privacy",
  pages =        "541--555 ", 
  year =         "2013",
  DOI =          "http://dl.acm.org/citation.cfm?id=2498133",
  keywords =     "cookies,fingerprinting,tracking"
}

@article{dustingFP, 
  title={FPDetective: dusting the web for fingerprinters},
  author={Acar, Gunes and Juarez, Marc and Nikiforakis, Nick and Diaz, Claudia and G{\"u}rses, Seda and Piessens, Frank and Preneel, Bart},
  booktitle={Proceedings of the 2013 ACM SIGSAC conference on Computer \& communications security},
  pages={1129--1140},
  year={2013},
  organization={ACM}
}

@article{wang2015privacy,
  title={A privacy-aware framework for targeted advertising},
  author={Wang, Wei and Yang, Linlin and Chen, Yanjiao and Zhang, Qian},
  journal={Computer Networks},
  volume={79},
  pages={17--29},
  year={2015},
  publisher={Elsevier}
}

@article{brahim2011targeted,
  title={Is targeted advertising always beneficial?},
  author={Brahim, Nada Ben Elhadj-Ben and Lahmandi-Ayed, Rim and Laussel, Didier},
  journal={International Journal of Industrial Organization},
  volume={29},
  number={6},
  pages={678--689},
  year={2011},
  publisher={Elsevier}
}

@article{goldfarb2011privacy,
  title={Privacy regulation and online advertising},
  author={Goldfarb, Avi and Tucker, Catherine E},
  journal={Management Science},
  volume={57},
  number={1},
  pages={57--71},
  year={2011},
  publisher={INFORMS}
}

@article{webNeverForgets,
    author =    "Acar, Gunes and Eubank, Christian and Englehardt, Steven and Juarez, Marc and Narayanan, Arvind and Diaz, Claudia",
  title =       "The web never forgets: Persistent tracking mechanisms in the wild",
  journal =     "Proceedings of the 2014 ACM SIGSAC Conference on Computer and Communications Security",
  pages =       "674--689",
  year =         "2014",
}

@article{sellingPrivacy,
  title={Selling off privacy at auction},
  author={Olejnik, Lukasz and Minh-Dung, Tran and Castelluccia, Claude and others},
  booktitle={Annual Network and Distributed System Security Symposium (NDSS). IEEE},
  year={2014}
}

@article{adExchanges,
  title={Ad Networks vs. Ad Exchanges: How They Stack Up},
  author={OpenX},
  year={2010}
}

@article{uniqueBrowser, 
  author =       "Peter Eckersley",
  title =        "How Unique Is Your Web Browser?",
  journal =      "SP '13 Proceedings of the 2013 IEEE Symposium on Security and Privacy",
  pages =        "541--555 ", 
  year =         "2010",
  DOI =          "http://dl.acm.org/citation.cfm?id=2498133",
  keywords =     "fingerprinting,browser"
}

@inproceedings{bursztein2010analysis,
  title={An analysis of private browsing modes in modern browsers},
  author={Bursztein, Gaurav Aggarwal Elie and Jackson, Collin and Boneh, Dan},
  booktitle={Proceedings of the 19th USENIX Security Symposium},
  year={2010}
}

@article{bujlow2015web,
  title={Web Tracking: Mechanisms, Implications, and Defenses},
  author={Bujlow, Tomasz and Carela-Espa{\~n}ol, Valent{\'\i}n and Sol{\'e}-Pareta, Josep and Barlet-Ros, Pere},
  journal={arXiv preprint arXiv:1507.07872},
  year={2015}
}

@article {roesner,
 author = "Roesner, Franziska and Kohno, Tadayoshi and Wetherall, David",
 title = "Detecting and Defending Against Third-party Tracking on the Web",
 journal = "Proceedings of the 9th USENIX Conference on Networked Systems Design and Implementation",
 year = "2012",
 DOI = "http://dl.acm.org/citation.cfm?id=2228298.2228315"
}


@article{flashCookiesPrivacy, 
  author =       "Ashkan Soltani and Shannon Canty and Quentin Mayo and Lauren Thomas and Chris Jay Hoofnagle",
  title =        "Flash Cookies and Privacy",
  journal =      "In AAAI Spring Symposium: Intelligent Information Privacy Management",
  year =         "2011",
  DOI = "http://www.aaai.org/ocs/index.php/SSS/SSS10/paper/download/1070/1505/"
}

@article{canvasFP, 
  author =       "Mowery, K. and Shacham, H",
  title =        "Pixel perfect: Fingerprinting canvas in HTML5",
  year =         "2012",
  journal =      "In Proceedings of W2SP 2012",
  DOI =          "https://cseweb.ucsd.edu/~hovav/dist/canvas.pdf",
}


@article{mayer09, 
  author =       "Mayer, Jonathan R",
  title =        "Any person... a pamphleteer. Internet Anonymity in the Age of Web 2.0",
  year =         "2009",
  DOI =          "https://jonathanmayer.org/papers_data/thesis09.pdf",
}


@article{jsFingerprinting, 
  author =       "Keaton Mowery and Dillon Bogenreif and Scott Yilek and Hovav Shacham",
  title =        "Fingerprinting Information in JavaScript Implementations",
  journal =      "In Proceedings of W2SP 2011",
  pages =        "541--555 ", 
  year =         "2011",
  DOI =          "http://dl.acm.org/citation.cfm?id=2498133",
  keywords =     "javascript,fingerprinting,browser"
}

@article{webBeacons, 
  author =       "Sipior, J. C. and Ward, B. T. and Mendoza, R. A.",
  title =        "Online privacy concerns associated with cookies, Flash cookies, and web beacons",
  journal =      "Journal of Internet Commerce 10 (1)",
  pages =        "1-16", 
  year =         "2011",
  DOI =          "http://www.tandfonline.com/doi/abs/10.1080/15332861.2011.558454",
  keywords =     "web beacons, flash cookies"
}

@article{taOffer,
    author =       "Hoofnagle, C. J. and Soltani, A. and Good, N. and Wambach, D. J. and Ayenson, M.",
    title =        "Behavioral Advertising: The Offer You Cannot Refuse",
    year =         "2012",
    DOI =          "https://www.law.berkeley.edu/files/SSRN-id2137601.pdf",
}

@article{fingerprintFonts,
 author =       "Fifield, David. and Egelman, Serge",
  title =        "Fingerprinting web users through font metrics",
  year =         "2015",
  journal =      "In Financial Cryptography and Data Security",
  pages = "107-124",
  DOI =          "http://fc15.ifca.ai/preproceedings/paper_83.pdf",
}

@online{AdChoices,
    author = "Kate Kaye",
    year = "2014",
    title = "Study: Consumers Don't Know What AdChoices Privacy Icon Is",
    url = "http://adage.com/article/privacy-and-regulation/study-consumers-adchoices-privacy-icon/291374/",
    urldate = {2016-19-03}
}

@online{dnt87,
    author = "Greg Sterling",
    year = "2014",
    title = "Survey: 87 Percent Want “Do Not Track” To Elude Marketers",
    url = "http://marketingland.com/survey-87-percent-use-track-elude-marketers-76097",
    urldate = {2016-19-03}
}

@online{Statistia,
    author = "{Statistia}",
    year = "2015",
    title = "Digital advertising spending worldwide from 2012 to 2018 (in billion U.S. dollars)",
    url = "http://www.statista.com/statistics/237974/online-advertising-spending-worldwide/",
    urldate = {2016-19-03}
}

@online{threeAdBlock,
    author = "{Three}",
    year = "2016",
    title = "Three Group to tackle excessive and irrelevant mobile ads",
    url = "http://www.threemediacentre.co.uk/news/2016/shine-announcement.aspx",
    urldate = {2016-21-03}
}


@online{randomAds,
    author = "{MarketingCharts}",
    year = "2013",
    title = "Consumers Say They Prefer Targeted to Random Online Ads",
    url = "http://www.marketingcharts.com/online/consumers-say-they-prefer-targeted-to-random-online-ads-28825/",
    urldate = {2016-19-03}
}

@online{usersTA,
    author = "{Pew Research Center}",
    year = "2012",
    title = "Internet Users Don’t like Targeted Ads",
    url = "http://www.pewresearch.org/daily-number/internet-users-dont-like-targeted-ads/",
    urldate = {2016-19-03}
}

@online{bloomFraud,
    author = "Ben Elgin and Michael Riley and David Kocieniewski and Joshua Brustein",
    year = "2015",
    title = "Marketers thought the Web would allow perfectly targeted ads. Hasn’t worked out that way.",
    url = "http://www.bloomberg.com/features/2015-click-fraud/",
    urldate = {2015-12-11}
}

@online{firstAd,
    author = "Ryan Singel",
    year = "2010",
    title = "Oct. 27, 1994: Web Gives Birth to Banner Ads",
    url = "http://www.wired.com/2010/10/1027hotwired-banner-ads/",
    urldate = {2015-11-08}
}

@online{oreilly,
    author = "Tim O'Reilly",
    year = "2001",
    title = "SLAC Symposium on the Early Web",
    url = "http://archive.oreilly.com/lpt/wlg/907",
    urldate = {2015-11-08}
}

@online{spiderIo,
    author = "SpiderIo",
    year = "2013",
    title = "At Least Two Percent of Monitored Display Ad Inventory is Hidden",
    url = "http://spider.io/blog/page/2/",
    urldate = {2016-01-20}
}

@online{dstillery,
    author = "Dstillery Contributor",
    year = "2015",
    title = "An Ad Fraud Glossary",
    url = "http://dstillery.com/the-bad-stuff-an-ad-fraud-glossary/",
    urldate = {2016-01-25}
}

@online{mercFraud,
    author = "Robert Cookson",
    year = "2014",
    title = "Mercedes online ads viewed more by fraudster robots than humans",
    url = "http://www.ft.com/cms/s/0/788d6d42-da6c-11e3-8273-00144feabdc0.html#axzz3qiChn3L5",
    urldate = {2015-12-11}
}

@online{introDSP,
    author = "{Know Online Advertising}",
    year = "2013",
    title = "Introduction to SSP DSP \& Ad Exchange",
    url = "http://www.knowonlineadvertising.com/programmatic-buying/introduction-to-ssp-dsp-ad-exchange/",
    urldate = {2015-11-02}
}


@online{adobeFlash,
    author = "Adobe",
    year = "2015",
    title = "Adobe Flash runtime statistics",
    url = "http://www.adobe.com/products/flashruntimes/statistics.html",
    urldate = {2015-11-02}
}

@online{supercookies,
    author = "Leo Notenboom",
    year = "2014",
    title = "Supercookies and Evercookies: Resistance is Futile",
    url = "https://askleo.com/supercookies_and_evercookies/",
    urldate = {2015-10-14}
}

@online{tippingPoint,
    author = "Justin Krause",
    year = "2015",
    title = "The Web-Tracking Tipping Point",
    url = "http://techcrunch.com/2015/09/17/the-web-tracking-tipping-point/",
    urldate = {2015-12-05}
}

@online{flashStats,
    author = "W3",
    year = "2015",
    title = "Usage of Flash for websites",
    url = "http://w3techs.com/technologies/details/cp-flash/all/all",
    urldate = {2015-11-02}
}

@online{flashCookies,
    author = "Martin Brinkmann",
    year = "2007",
    title = "Flash Cookies explained",
    url = "http://www.ghacks.net/2007/05/04/flash-cookies-explained/",
    urldate = {2015-11-02}
}


@online{evercookies,
    author    = "Samy Kamkar",
    year      = "2010",
    title     = "Evercookie -- never forget.",
    url       = "http://samy.pl/evercookie/",
    urldate = {2015-10-14}

}

@online{browserStats,
    author    = "W3C",
    year      = "2015",
    title     = "Browser Statistics",
    url       = "http://www.w3schools.com/browsers/browsers_stats.asp",
    urldate = {2015-11-25}
}

@online{sameOrigin,
    author    = "Mozilla",
    year      = "2015",
    title     = "Same Origin Policy",
    url       = "https://developer.mozilla.org/en-US/docs/Web/Security/Same-origin_policy",
    urldate = {2015-12-10}
}


@online{botfraud2016,
    author    = "ANA and WhiteOps",
    year      = "2016",
    title     = "The Bot Baseline: Fraud in Digital Advertising",
    url       = "http://www.ana.net/content/show/id/botfraud-2016",
    urldate = {2015-12-11}
}


@online{botfraud2015,
    author    = "ANA and WhiteOps",
    year      = "2014",
    title     = "The Bot Baseline: Fraud in Digital Advertising",
    url       = "https://www.ana.net/getfile/21853",
    urldate = {2015-12-11}
}


@online{iabfraud,
    author    = "IAB",
    year      = "2015",
    title     = "What is an untrustworth supply chain costing the US digital advertising industry?",
    url       = "http://www.iab.com/wp-content/uploads/2015/11/IAB_EY_Report.pdf",
    urldate = {2015-12-11}
}

@online{httpsEverywhere,
    author    = "EFF",
    year      = "2013",
    title     = "HTTPS Everywhere",
    url       = "https://www.eff.org/https-everywhere",
    urldate = {2016-01-20}
}

@online{RTB,
    author    = "Jack Marshall",
    year      = "2014",
    title     = "What is real-time bidding?",
    url       = "http://digiday.com/platforms/what-is-real-time-bidding/",
    urldate = {2015-11-30}
}

@online{DMP,
    author    = "Jack Marshall",
    year      = "2014",
    title     = "What is a Data Management Platform?",
    url       = "http://digiday.com/platforms/what-is-a-dmp-data-management-platform/",
    urldate = {2015-11-30}
}

@online{howRTBWorks,
    author    = "{Acuity Ads}",
    year      = "2015",
    title     = "How RTB Works",
    url       = "http://acuityads.com/real-time-bidding/",
    urldate = {2015-11-30}
}

@online{publishersWeb,
    author  = "Krystal Overmyer",
    year    = "2016",
    title   = "Publishers Strike Back Against Ad Blockers By Refusing to Show Web Content",
    url     = "http://www.skyword.com/contentstandard/news/publishers-strike-back-against-ad-blockers-by-refusing-to-show-web-content/",
    keywords = "advertising, ad, block",
    urldate = {2016-02-04}
}

@online{newTracking,
    author  = "Swati Khandelwal",
    year    = "2015",
    title   = "Here's How Websites Are Tracking You Online",
    url     = "http://thehackernews.com/2015/10/track-online-users.html",
    keywords = "tracking, HTST",
    urldate = {2016-01-12}
}

@online{HSTS,
    author  = "IETF",
    year    = "2012",
    title   = "HTTP Strict Transport Security (HSTS)",
    url     = "https://tools.ietf.org/html/rfc6797",
    keywords = "tracking, HTST",
     urldate = {2016-01-12}
}

@online{gitSniffly,
    author  = "Yan Zhu",
    year    = "2015",
    title   = "Sniffly",
    url     = "https://github.com/diracdeltas/sniffly",
    keywords = "tracking, HTST",
    urldate = {2016-01-12}
}

@online{HPKP,
    author  = "IETF",
    year    = "2015",
    title   = "Public Key Pinning Extension for HTTP",
    url     = "https://tools.ietf.org/html/rfc7469",
    keywords = "tracking, HPKP",
    urldate = {2016-01-12}
}

@online{gq,
    author  = "Lucia Moses",
    year    = "2015",
    title   = "GQ is now blocking its readers running ad blockers",
    url     = "http://digiday.com/publishers/gq-now-blocking-readers-running-ad-blockers/",
    keywords = "advertising, ad, block, GQ",
    urldate = {2016-01-22}
}

@online{ghostery,
    author  = "Ghostery",
    year    = "2016",
    title   = "How does Ghostery make money from the browser extension?",
    url     = "https://www.ghostery.com/support/faq/ghostery-add-on/how-does-ghostery-make-money-from-the-add-on/",
    keywords = "advertising, ad, block, ghostery",
    urldate = {2016-01-17}
}

@online{adobeAdBlock,
    author  = "PageFair and Adobe",
    year    = "2015",
    title   = "The cost of ad blocking",
    url     = "http://downloads.pagefair.com/reports/2015_report-the_cost_of_ad_blocking.pdf",
    keywords = "advertising, ad, block",
     urldate = {2015-11-16}
}

@online{webBug,
    author = "{Richard M. Smith}",
    year = "1999",
    title = "The Web Bug FAQ",
    url = "https://w2.eff.org/Privacy/Marketing/web_bug.html",
    urldate = {2016-19-03}
}

@online{cookieSync,
    author  = "Steven Englehardt",
    year    = "2014",
    title   = "The hidden perils of cookie syncing",
    url     = "https://freedom-to-tinker.com/blog/englehardt/the-hidden-perils-of-cookie-syncing/",
    urldate = {2016-20-03}
}

@online{comission2009,
    author  = "{Federal Trade Commission}",
    year    = "2009",
    title   = "Self-regulatory principles for online behavioural advertising",
    url     = "http://www.iab.net/media/file/ven-principles-07-01-09.pdf",
    keywords = "advertising, targeted",
     urldate = {2015-11-03}
}